@article{mekhov2012,
  title={Quantum optics with ultracold quantum gases: towards the full quantum regime of the light--matter interaction},
  author={Mekhov, Igor B and Ritsch, Helmut},
  journal={Journal of Physics B: Atomic, Molecular and Optical Physics},
  volume={45},
  number={10},
  pages={102001},
  year={2012},
  publisher={IOP Publishing}
}
@article{mazzucchi2016,
  title = {Quantum measurement-induced dynamics of many-body ultracold bosonic and fermionic systems in optical lattices},
  author = {Mazzucchi, Gabriel and Kozlowski, Wojciech and Caballero-Benitez, Santiago F. and Elliott, Thomas J. and Mekhov, Igor B.},
  journal = {Physical Review A},
  volume = {93},
  issue = {2},
  pages = {023632},
  numpages = {12},
  year = {2016},
  month = {Feb},
  publisher = {American Physical Society}
}
@article{atoms2015,
  title={Probing and Manipulating Fermionic and Bosonic Quantum Gases with Quantum Light},
  author={Elliott, Thomas J and Mazzucchi, Gabriel and Kozlowski, Wojciech and Caballero-Benitez, Santiago F and Mekhov, Igor B},
  journal={Atoms},
  volume={3},
  number={3},
  pages={392--406},
  year={2015},
  publisher={Multidisciplinary Digital Publishing Institute}
}
@article{mazzucchi2016af,
  title={Quantum measurement-induced antiferromagnetic order and density modulations in ultracold Fermi gases in optical lattices},
  author={Mazzucchi, Gabriel and Caballero-Benitez, Santiago F and Mekhov, Igor B},
  journal={arXiv preprint arXiv:1510.04883},
  year={2015}
}